Benedikt Kleinmeier, Benedikt Zönnchen, Marion Gödel, Gerta Köster: Vadere: An Open-Source Simulation Framework to Promote Interdisciplinary Understanding. In: Collective Dynamics, vol. 4, 2019.

@Misc{vadere,
author =   {{Benedikt Kleinmeier, Benedikt Zönnchen, Marion Gödel, Gerta Köster}},
title =    {{Vadere: An Open-Source Simulation Framework to Promote Interdisciplinary Understanding}},
howpublished = {{In: Collective Dynamics, vol. 4, 2019}},
}

@misc{mayr2022social,
      title={Social distancing with the Optimal Steps Model}, 
      author={Christina Maria Mayr and Gerta Köster},
      year={2022},
      eprint={2007.01634},
      archivePrefix={arXiv},
      primaryClass={cs.MA}
}

@article{Helbing_1995,
	doi = {10.1103/physreve.51.4282},
	url = {https://doi.org/10.1103%2Fphysreve.51.4282},
	year = 1995,
	month = {may},
	publisher = {American Physical Society ({APS})},
	volume = {51},
	number = {5},
	pages = {4282--4286},
	author = {Dirk Helbing and P{\'{e}}ter Moln{\'{a}}r},
	title = {Social force model for pedestrian dynamics},
	journal = {Physical Review E}
}

@article{Dietrich_2014,
	doi = {10.1103/physreve.89.062801},
	url = {https://doi.org/10.1103%2Fphysreve.89.062801},
	year = 2014,
	month = {jun},
	publisher = {American Physical Society ({APS})},
	volume = {89},
	number = {6},
	author = {Felix Dietrich and Gerta Köster},
	title = {Gradient navigation model for pedestrian dynamics},
	journal = {Physical Review E}
}

@misc{vadere-source,
    key = {vadere-source},
    howpublished = {https://github.com/pedestrian-dynamics-HM/vadere}
}

@misc{covid-queue-bbc,
    key = {cq-bbc},
    author = {BBC},
    title = {{Coronavirus: Customers queue for hours as Ikea reopens 19 shops}},
    howpublished = {https://www.bbc.com/news/business-52874615},
    note = {Last accessed 16.11.2023}
}

@misc{covoid-queue-wired,
    key = {cq-wired},
    author = {Aarian Marshall, Wired},
    title = {{As Cities Reopen, Expect to Wait in Lots of Lines}},
    howpublished = {https://www.wired.com/story/cities-reopen-expect-wait-lines/},
    note = {Last accessed 16.11.2023}
}