@article{COIFMAN20065,
title = {Diffusion maps},
journal = {Applied and Computational Harmonic Analysis},
volume = {21},
number = {1},
pages = {5-30},
year = {2006},
note = {Special Issue: Diffusion Maps and Wavelets},
issn = {1063-5203},
doi = {https://doi.org/10.1016/j.acha.2006.04.006},
url = {https://www.sciencedirect.com/science/article/pii/S1063520306000546},
author = {Ronald R. Coifman and Stéphane Lafon},
keywords = {Diffusion processes, Diffusion metric, Manifold learning, Dimensionality reduction, Eigenmaps, Graph Laplacian},
abstract = {In this paper, we provide a framework based upon diffusion processes for finding meaningful geometric descriptions of data sets. We show that eigenfunctions of Markov matrices can be used to construct coordinates called diffusion maps that generate efficient representations of complex geometric structures. The associated family of diffusion distances, obtained by iterating the Markov matrix, defines multiscale geometries that prove to be useful in the context of data parametrization and dimensionality reduction. The proposed framework relates the spectral properties of Markov processes to their geometric counterparts and it unifies ideas arising in a variety of contexts such as machine learning, spectral graph theory and eigenmap methods.}
}

@article{diffusionmaps2,
    author = {Coifman, R.R. and Lafon, S. and Lee, A. B. and Maggioni, M. and Nadler, B. and Warner, F. and Zucker, S.W.},
    year = {2005},
    month = {May},
    pages = {},
    title = {Geometric diffusions as a tool for harmonic analysis and structure definition of data: Diffusion maps},
    doi = {10.1073/pnas.0500334102},
}

@article{megaman,
    author = {McQueen, J. and Meilǎ, M. and Vanderplas, J. and Zhang, Z.},
    year = {2016},
    month = {08},
    pages = {1-5},
    title = {Megaman: Scalable manifold learning in python},
    volume = {17},
    journal = {Journal of Machine Learning Research},
}

@misc{mikolov2013efficient,
      title={Efficient Estimation of Word Representations in Vector Space}, 
      author={Tomas Mikolov and Kai Chen and Greg Corrado and Jeffrey Dean},
      year={2013},
      eprint={1301.3781},
      archivePrefix={arXiv},
      primaryClass={cs.CL}
}

@article{pedregosa2011scikit,
  title={Scikit-learn: Machine learning in Python},
  author={Pedregosa, Fabian and Varoquaux, Ga{\"e}l and Gramfort, Alexandre and Michel, Vincent and Thirion, Bertrand and Grisel, Olivier and Blondel, Mathieu and Prettenhofer, Peter and Weiss, Ron and Dubourg, Vincent and others},
  journal={Journal of machine learning research},
  volume={12},
  number={Oct},
  pages={2825--2830},
  year={2011}
}

@article{Lehmberg2020,
     doi       = {10.21105/joss.02283},
     url       = {https://doi.org/10.21105/joss.02283},
     year      = {2020},
     publisher = {The Open Journal},
     volume    = {5},
     number    = {51},
     pages     = {2283},
     author    = {Daniel Lehmberg and Felix Dietrich and Gerta K{\"o}ster and Hans-Joachim Bungartz},
     title     = {datafold: data-driven models for point clouds and time series on manifolds},
     journal   = {Journal of Open Source Software}
}

@misc{perrauljoncas2013nonlinear,
      title={Non-linear dimensionality reduction: Riemannian metric estimation and the problem of geometric discovery}, 
      author={Dominique Perraul-Joncas and Marina Meila},
      year={2013},
      eprint={1305.7255},
      archivePrefix={arXiv},
      primaryClass={stat.ML}
}

@ARTICLE{galaxies,
       author = {Almeida et al.},
        title = "{The Eighteenth Data Release of the Sloan Digital Sky Surveys: Targeting and First Spectra from SDSS-V}",
      journal = {apjs},
     keywords = {Surveys, Astronomy databases, Astronomy data acquisition, Astronomy software, 1671, 83, 1860, 1855, Astrophysics - Astrophysics of Galaxies, Astrophysics - Cosmology and Nongalactic Astrophysics, Astrophysics - High Energy Astrophysical Phenomena},
         year = 2023,
        month = aug,
       volume = {267},
       number = {2},
          eid = {44},
        pages = {44},
          doi = {10.3847/1538-4365/acda98},
archivePrefix = {arXiv},
       eprint = {2301.07688},
 primaryClass = {astro-ph.GA},
       adsurl = {https://ui.adsabs.harvard.edu/abs/2023ApJS..267...44A},
      adsnote = {Provided by the SAO/NASA Astrophysics Data System}
}

@misc{Spectra,
    author={Sloan Digital Sky Survey},
    title={Galaxy Spectra},
    howpublished={\url{https://skyserver.sdss.org/dr1/en/proj/advanced/galaxies/spectra.asp}},
    note={Accessed on 29.01.2024},
}

@misc{swiss-roll,
    author={geeksforgeeks},
    title={Swiss Roll Reduction with LLE in Scikit Learn},
    howpublished={\url{https://www.geeksforgeeks.org/swiss-roll-reduction-with-lle-in-scikit-learn/}},
    note={Accessed on 29.01.2024}
}

@misc{mcinnes2020umap,
      title={UMAP: Uniform Manifold Approximation and Projection for Dimension Reduction}, 
      author={Leland McInnes and John Healy and James Melville},
      year={2020},
      eprint={1802.03426},
      archivePrefix={arXiv},
      primaryClass={stat.ML}
}

@misc{trust-sk,
    author={scikit-learn},
    title={sklearn.manifold.trustworthiness},
    howpublished={\url{https://scikit-learn.org/stable/modules/generated/sklearn.manifold.trustworthiness.html}},
    note={Accessed on 07.02.2024}
}

@misc{trust-cuml,
    author={RAPIDS},
    url={https://docs.rapids.ai/api/cuml/stable/api/},
    note={https://docs.rapids.ai/api/cuml/stable/api/ 
          Accessed on 07.02.2024}
}


@misc{Datafold,
    author={Datafol},
    title={Datafold},
    howpublished={\url{https://datafold-dev.gitlab.io/datafold/index.htm}},
    note={Accessed on 06.02.2024}
}

@misc{Roseland,
    author={Datafol Roseland},
    title={Datafold Roseland Tutorial: S-Curve Digits},
    howpublished={\url{https://datafold-dev.gitlab.io/datafold/tutorial_05_roseland_scurve_digits.html}},
    note={Accessed on 06.02.2024}
}





















galaxies - full authors:
{{Almeida}, Andr{\'e}s and {Anderson}, Scott F. and {Argudo-Fern{\'a}ndez}, Maria and {Badenes}, Carles and {Barger}, Kat and {Barrera-Ballesteros}, Jorge K. and {Bender}, Chad F. and {Benitez}, Erika and {Besser}, Felipe and {Bird}, Jonathan C. and {Bizyaev}, Dmitry and {Blanton}, Michael R. and {Bochanski}, John and {Bovy}, Jo and {Brandt}, William Nielsen and {Brownstein}, Joel R. and {Buchner}, Johannes and {Bulbul}, Esra and {Burchett}, Joseph N. and {Cano D{\'\i}az}, Mariana and {Carlberg}, Joleen K. and {Casey}, Andrew R. and {Chandra}, Vedant and {Cherinka}, Brian and {Chiappini}, Cristina and {Coker}, Abigail A. and {Comparat}, Johan and {Conroy}, Charlie and {Contardo}, Gabriella and {Cortes}, Arlin and {Covey}, Kevin and {Crane}, Jeffrey D. and {Cunha}, Katia and {Dabbieri}, Collin and {Davidson}, James W. and {Davis}, Megan C. and {de Andrade Queiroz}, Anna Barbara and {De Lee}, Nathan and {M{\'e}ndez Delgado}, Jos{\'e} Eduardo and {Demasi}, Sebastian and {Di Mille}, Francesco and {Donor}, John and {Dow}, Peter and {Dwelly}, Tom and {Eracleous}, Mike and {Eriksen}, Jamey and {Fan}, Xiaohui and {Farr}, Emily and {Frederick}, Sara and {Fries}, Logan and {Frinchaboy}, Peter and {G{\"a}nsicke}, Boris T. and {Ge}, Junqiang and {Gonz{\'a}lez {\'A}vila}, Consuelo and {Grabowski}, Katie and {Grier}, Catherine and {Guiglion}, Guillaume and {Gupta}, Pramod and {Hall}, Patrick and {Hawkins}, Keith and {Hayes}, Christian R. and {Hermes}, J.~J. and {Hern{\'a}ndez-Garc{\'\i}a}, Lorena and {Hogg}, David W. and {Holtzman}, Jon A. and {Ibarra-Medel}, Hector Javier and {Ji}, Alexander and {Jofre}, Paula and {Johnson}, Jennifer A. and {Jones}, Amy M. and {Kinemuchi}, Karen and {Kluge}, Matthias and {Koekemoer}, Anton and {Kollmeier}, Juna A. and {Kounkel}, Marina and {Krishnarao}, Dhanesh and {Krumpe}, Mirko and {Lacerna}, Ivan and {Lago}, Paulo Jakson Assuncao and {Laporte}, Chervin and {Liu}, Chao and {Liu}, Ang and {Liu}, Xin and {Lopes}, Alexandre Roman and {Macktoobian}, Matin and {Majewski}, Steven R. and {Malanushenko}, Viktor and {Maoz}, Dan and {Masseron}, Thomas and {Masters}, Karen L. and {Matijevic}, Gal and {McBride}, Aidan and {Medan}, Ilija and {Merloni}, Andrea and {Morrison}, Sean and {Myers}, Natalie and {M{\'e}sz{\'a}ros}, Szabolcs and {Negrete}, C. Alenka and {Nidever}, David L. and {Nitschelm}, Christian and {Oravetz}, Daniel and {Oravetz}, Audrey and {Pan}, Kaike and {Peng}, Yingjie and {Pinsonneault}, Marc H. and {Pogge}, Rick and {Qiu}, Dan and {Ramirez}, Solange V. and {Rix}, Hans-Walter and {Fern{\'a}ndez Rosso}, Daniela and {Runnoe}, Jessie and {Salvato}, Mara and {Sanchez}, Sebastian F. and {Santana}, Felipe A. and {Saydjari}, Andrew and {Sayres}, Conor and {Schlaufman}, Kevin C. and {Schneider}, Donald P. and {Schwope}, Axel and {Serna}, Javier and {Shen}, Yue and {Sobeck}, Jennifer and {Song}, Ying-Yi and {Souto}, Diogo and {Spoo}, Taylor and {Stassun}, Keivan G. and {Steinmetz}, Matthias and {Straumit}, Ilya and {Stringfellow}, Guy and {S{\'a}nchez-Gallego}, Jos{\'e} and {Taghizadeh-Popp}, Manuchehr and {Tayar}, Jamie and {Thakar}, Ani and {Tissera}, Patricia B. and {Tkachenko}, Andrew and {Hernandez Toledo}, Hector and {Trakhtenbrot}, Benny and {Fern{\'a}ndez-Trincado}, Jos{\'e} G. and {Troup}, Nicholas and {Trump}, Jonathan R. and {Tuttle}, Sarah and {Ulloa}, Natalie and {Vazquez-Mata}, Jose Antonio and {Vera Alfaro}, Pablo and {Villanova}, Sandro and {Wachter}, Stefanie and {Weijmans}, Anne-Marie and {Wheeler}, Adam and {Wilson}, John and {Wojno}, Leigh and {Wolf}, Julien and {Xue}, Xiang-Xiang and {Ybarra}, Jason E. and {Zari}, Eleonora and {Zasowski}, Gail}