@book{kuznetsov,
    author = {{Yuri A. Kuznetsov}},
    title = {{Elements of Applied Bifurcation Theory}},
    publisher = {{Springer New York}},
    year = {2004}
}

@Article{Hunter:2007,
  Author    = {Hunter, J. D.},
  Title     = {Matplotlib: A 2D graphics environment},
  Journal   = {Computing in Science \& Engineering},
  Volume    = {9},
  Number    = {3},
  Pages     = {90--95},
  abstract  = {Matplotlib is a 2D graphics package used for Python for
  application development, interactive scripting, and publication-quality
  image generation across user interfaces and operating systems.},
  publisher = {IEEE COMPUTER SOC},
  doi       = {10.1109/MCSE.2007.55},
  year      = 2007
}

@Article{         harris2020array,
 title         = {Array programming with {NumPy}},
 author        = {Charles R. Harris and K. Jarrod Millman and St{\'{e}}fan J.
                 van der Walt and Ralf Gommers and Pauli Virtanen and David
                 Cournapeau and Eric Wieser and Julian Taylor and Sebastian
                 Berg and Nathaniel J. Smith and Robert Kern and Matti Picus
                 and Stephan Hoyer and Marten H. van Kerkwijk and Matthew
                 Brett and Allan Haldane and Jaime Fern{\'{a}}ndez del
                 R{\'{i}}o and Mark Wiebe and Pearu Peterson and Pierre
                 G{\'{e}}rard-Marchant and Kevin Sheppard and Tyler Reddy and
                 Warren Weckesser and Hameer Abbasi and Christoph Gohlke and
                 Travis E. Oliphant},
 year          = {2020},
 month         = sep,
 journal       = {Nature},
 volume        = {585},
 number        = {7825},
 pages         = {357--362},
 doi           = {10.1038/s41586-020-2649-2},
 publisher     = {Springer Science and Business Media {LLC}},
 url           = {https://doi.org/10.1038/s41586-020-2649-2}
}

@article{lorenz1963,
  author = {Lorenz, Edward N.},
  title = {Deterministic Nonperiodic Flow},
  journal = {Journal of the Atmospheric Sciences},
  volume = {20},
  number = {2},
  pages = {130--141},
  month = {March},
  year = {1963},
}

@article{Shan_Zhu_2014, title={Bifurcations and complex dynamics of an SIR model with the impact of the number of hospital beds}, volume={257}, DOI={10.1016/j.jde.2014.05.030}, number={5}, journal={Journal of Differential Equations}, author={Shan, Chunhua and Zhu, Huaiping}, year={2014}, pages={1662â€“1688}} 