@MISC{Queue,
    key = {{Queue}},
    howpublished = {\url{https://docs.python.org/3/library/queue.html}},
    note = {Last accessed 01.11.2023}
}

@MISC{RiMEA,
    key = {{RiMEA}},
    howpublished = {\url{https://rimeaweb.files.wordpress.com/2016/06/rimea_richtlinie_3-0-0_-_d-e.pdf}},
    note = {Last accessed 01.11.2023}
}

@misc{time,
    key = {time},
    howpublished = {\url{https://docs.python.org/3/library/time.html}},
    note = {Last accessed 01.11.2023}
}

@misc{tkinter,
    key = {tkinter},
    howpublished = {\url{https://docs.python.org/3/library/tkinter.html}},
    note = {Last accessed 01.11.2023}
}